@article{DBLP:journals/corr/abs-2008-13589,
  author    = {Aris Anagnostopoulos and
               Luca Becchetti and
               Emilio Cruciani and
               Francesco Pasquale and
               Sara Rizzo},
  title     = {Biased Opinion Dynamics: When the Devil Is in the Details},
  journal   = {CoRR},
  volume    = {abs/2008.13589},
  year      = {2020},
  url       = {https://arxiv.org/abs/2008.13589},
  archivePrefix = {arXiv},
  eprint    = {2008.13589},
  timestamp = {Wed, 16 Sep 2020 11:20:03 +0200},
  biburl    = {https://dblp.org/rec/journals/corr/abs-2008-13589.bib},
  bibsource = {dblp computer science bibliography, https://dblp.org}
}

