@article{Erdos:1959:pmd,
  added-at = {2017-10-20T13:47:06.000+0200},
  author = {Erd\"os, P and R\'enyi, A},
  biburl = {https://www.bibsonomy.org/bibtex/2420b83c1533188c0b54bd1f6eea2b782/krevelen},
  interhash = {99061fc859ba540d4485abfbce44f298},
  intrahash = {420b83c1533188c0b54bd1f6eea2b782},
  journal = {Publicationes Mathematicae Debrecen},
  keywords = {epidemes},
  pages = {290--297},
  timestamp = {2017-10-20T13:47:26.000+0200},
  title = {On Random Graphs I},
  volume = 6,
  year = 1959
}